%% Created using Papers on Thu, 29 May 2014.
%% http://papersapp.com/papers/

@article{MasakiKato:2014cb,
author = {Masaki-Kato, Akiko and Suzuki, Takafumi and Harada, Kenji and Todo, Synge and Kawashima, Naoki},
title = {{Parallelized Quantum Monte~Carlo Algorithm with Nonlocal Worm Updates}},
journal = {Phys. Rev. Lett.},
year = {2014},
volume = {112},
number = {14},
pages = {140603},
month = apr
}

@article{Ruggeri:2013vk,
author = {Ruggeri, Michele},
title = {{Path Integral Monte Carlo study of ultra cold atoms with dipolar moment in a harmonic trap}},
journal = {arXiv.org},
year = {2013},
eprint = {1305.6007v2},
eprinttype = {arxiv},
eprintclass = {cond-mat.quant-gas},
month = may
}

@article{Nava:2013ww,
author = {Nava, Marco},
title = {{Two-dimensional and novel quasi-two-dimensional quantum liquids}},
journal = {arXiv.org},
year = {2013},
eprint = {1301.2377v1},
eprinttype = {arxiv},
eprintclass = {cond-mat.stat-mech},
month = jan
}

@article{Delgado:2012tj,
author = {Delgado, Ydalia and Gattringer, Christof and Schmidt, Alexander},
title = {{Surface worm algorithm for abelian Gauge-Higgs systems on the lattice}},
journal = {Phys. Rev. Lett.},
year = {2012},
eprintclass = {hep-lat},
month = nov
}

@article{PhysRevLett.109.025302,
author = {Boninsegni, M and Pollet, Lode and Prokof'ev, N and Svistunov, B},
title = {{Role of Bose Statistics in Crystallization and Quantum Jamming}},
journal = {Phys. Rev. Lett.},
year = {2012},
volume = {109},
pages = {025302},
month = jul
}

@article{Pollet:2012ul,
author = {Pollet, Lode},
title = {{Recent developments in Quantum Monte-Carlo simulations with applications for cold gases}},
journal = {arXiv.org},
year = {2012},
eprint = {1206.0781v1},
eprinttype = {arxiv},
eprintclass = {cond-mat.quant-gas},
month = jun
}

@article{Pilati:2012br,
author = {Pilati, S. and Troyer, M.},
title = {{Bosonic Superfluid-Insulator Transition in Continuous Space}},
journal = {Phys. Rev. Lett.},
year = {2012},
volume = {108},
number = {15},
month = apr
}

@article{Boninsegni:2012vg,
author = {Boninsegni, Massimo and Prokof'ev, Nikolay},
title = {{Supersolids: what and where are they ?}},
journal = {arXiv.org},
year = {2012},
eprint = {1201.2227v1},
eprinttype = {arxiv},
eprintclass = {cond-mat.stat-mech},
month = jan
}

@article{DelMaestro:2012ba,
author = {Del Maestro, A},
title = {{A Luttinger Liquid Core Inside Helium-4 Filled Nanopores}},
journal = {International Journal of Modern Physics B},
year = {2012},
volume = {26},
number = {22},
pages = {1244002}
}

@phdthesis{Rota:2011ww,
author = {Rota, Riccardo},
title = {{Path Integral Monte Carlo and Bose-Einstein condensation in quantum fluids and solids}},
school = {Universitat Polit{\`e}cnica de Catalunya},
year = {2011},
month = oct
}

@article{PhysRevB.84.014534,
author = {Jain, Piyush and Cinti, Fabio and Boninsegni, Massimo},
title = {{Structure, Bose-Einstein condensation and superfluidity of two-dimensional confined dipolar assemblies}},
journal = {Physical Review B},
year = {2011},
volume = {84},
pages = {014534},
month = jul
}

@article{AlOqali:2011wn,
author = {Al-Oqali, Amer and Sakhel, Asaad R and Ghassib, Humam B},
title = {{A Comprehensive Study of the $^3$He-He II Sandwich System Using Monte Carlo Techniques}},
journal = {arXiv.org},
year = {2011},
eprint = {1105.5714v1},
eprinttype = {arxiv},
eprintclass = {cond-mat.other},
month = may
}

@inproceedings{FiniteTemperatureQ:2011wt,
author = {Del Maestro, A},
title = {{Finite Temperature Quantum Monte Carlo}},
booktitle = {Oleg's Stat Mech Class},
year = {2011},
pages = {1--12},
month = may
}

@proceedings{Classicalandpathi:2011uh,
title = {{Classical and path integral Monte Carlo simulation of charged particles in traps}},
year = {2011},
month = apr
}

@proceedings{IntroductiontoPath:2011vg,
title = {{Introduction to Path Integral Monte Carlo.   Part III.}},
year = {2011},
month = apr
}

@proceedings{SoftPotentialsuper:2011uf,
title = {{Soft-Potential supersolids}},
year = {2011},
month = feb
}

@proceedings{MonteCarloandcold:2010uc,
title = {{Monte Carlo and cold Gases}},
year = {2010},
month = aug
}

@article{Pilati:2010kh,
author = {Pilati, S. and Giorgini, S and Modugno, M and Prokof'ev, N},
title = {{Dilute Bose gas with correlated disorder: a path integral Monte Carlo study}},
journal = {New Journal of Physics},
year = {2010},
volume = {12},
number = {7},
pages = {073003},
month = jul
}

@techreport{DelMaestro:2010tf,
author = {Del Maestro, A},
title = {{Superfliud Density and Quantum Monte Carlo}},
year = {2010},
month = mar
}

@article{Zillich:2010eq,
author = {Zillich, Robert E and Mayrhofer, Johannes M and Chin, Siu A},
title = {{Extrapolated high-order propagators for path integral Monte Carlo simulations}},
journal = {The Journal of Chemical Physics},
year = {2010},
volume = {132},
number = {4},
pages = {044103}
}

@article{Prokofev:2009ux,
author = {Prokof'ev, N and Svistunov, B},
title = {{Worm Algorithm for Problems of Quantum and Classical Statistics}},
journal = {arXiv.org},
year = {2009},
eprint = {0910.1393v3},
eprinttype = {arxiv},
eprintclass = {cond-mat.stat-mech},
month = oct
}

@article{Shams:2009bi,
author = {Shams, Ali and Glyde, H},
title = {{Superfluidity and Bose-Einstein condensation in optical lattices and porous media: A path integral Monte Carlo study}},
journal = {Physical Review B},
year = {2009},
volume = {79},
number = {21},
pages = {214508},
month = jun
}

@article{Rossi:2009di,
author = {Rossi, M and Nava, M and Reatto, L and Galli, D E},
title = {{Exact ground state Monte Carlo method for Bosons without importance sampling}},
journal = {The Journal of Chemical Physics},
year = {2009},
volume = {131},
number = {15},
pages = {154108}
}

@article{Balaz:2009fv,
author = {Balaz, Antun and Bogojevic, Aleksandar and Vidanovic, Ivana and Pelster, Axel},
title = {{Recursive Schrodinger equation approach to faster converging path integrals}},
journal = {Physical Review E},
year = {2009},
volume = {79},
number = {3},
pages = {036701}
}

@article{Casula:2008gh,
author = {Casula, Michele and Ceperley, D M},
title = {{Quantum Monte Carlo study of one-dimensional trapped fermions with attractive contact interactions}},
journal = {Physical Review a},
year = {2008},
volume = {78},
number = {3},
pages = {033607},
month = sep
}

@phdthesis{Corboz:2008vt,
author = {Corboz, Philippe},
title = {{Simulations of strongly correlated fermions and bosons}},
school = {e-collection.library.ethz.ch},
year = {2008},
address = {ETH Zurich},
month = aug
}

@article{Pilati:2008ea,
author = {Pilati, S. and Giorgini, S and Prokof'ev, N},
title = {{Critical Temperature of Interacting Bose Gases in Two and Three Dimensions}},
journal = {Phys. Rev. Lett.},
year = {2008},
volume = {100},
number = {14},
pages = {140405},
month = apr
}

@phdthesis{Barry:2007ui,
author = {Barry, Jennifer},
title = {{Monte Carlo Methods for Sampling Classical and Quantum Particles}},
school = {Swarthmore College},
year = {2007},
month = aug
}

@article{Pollet:2007gz,
author = {Pollet, Lode and Houcke, Kris Van and Rombouts, Stefan M A},
title = {{Engineering local optimality in quantum Monte Carlo algorithms}},
journal = {Journal of Computational Physics},
year = {2007},
volume = {225},
number = {2},
pages = {2249--2266},
month = aug
}

@article{Lyubartsev:2007fc,
author = {Lyubartsev, Alexander P},
title = {{Interacting electrons in one dimension: a path integral Monte Carlo study}},
journal = {Journal of Physics A: Mathematical and Theoretical},
year = {2007},
volume = {40},
number = {26},
pages = {7151--7157},
month = jun
}

@phdthesis{Boning:2007ta,
author = {B{\"o}ning, Jens},
title = {{Superfluidity in mesoscopic systems of charged bosons}},
school = {Universit{\"a}t Kiel
},
year = {2007},
address = {Institut f{\"u}r Theoretische Physik und Astrophysik der Universit{\"a}t Kiel
},
month = may
}

@article{Khairallah:2007fp,
author = {Khairallah, S and Sevryuk, M and Ceperley, D M and Toennies, J},
title = {{Interplay between Magic Number Stabilities and Superfluidity of Small Parahydrogen Clusters}},
journal = {Phys. Rev. Lett.},
year = {2007},
volume = {98},
number = {18},
pages = {183401},
month = may
}

@article{Orkoulas:2007bc,
author = {Orkoulas, G},
title = {{Acceleration of Monte Carlo simulations through spatial updating in the grand canonical ensemble}},
journal = {The Journal of Chemical Physics},
year = {2007},
volume = {127},
number = {8},
pages = {084106}
}

@article{Kim:2007ux,
author = {Kim, D H and Lin, Y C and Rieger, H},
title = {{Path integral Monte Carlo study of the interacting quantum double-well model: Quantum phase transition and phase diagram}},
journal = {Physical Review E},
year = {2007},
volume = {75},
number = {1},
pages = {016702}
}

@article{Kwon:2006en,
author = {Kwon, Yongkyung and Paesani, Francesco and Whaley, K},
title = {{Local superfluidity in inhomogeneous quantum fluids}},
journal = {Physical Review B},
year = {2006},
volume = {74},
number = {17},
pages = {174522},
month = nov
}

@article{Pilati:2006eh,
author = {Pilati, S. and Sakkos, K and Boronat, J. and Casulleras, J and Giorgini, S},
title = {{Equation of state of an interacting Bose gas at finite temperature: A path-integral Monte Carlo study}},
journal = {Physical Review a},
year = {2006},
volume = {74},
number = {4},
pages = {043621},
month = oct
}

@article{Matsuo:2006dj,
author = {Matsuo, Takeshi and Natsume, Yuhei and Kato, Takeo},
title = {{Quantum-Classical Transition in Dissipative Double-Well Systems -- A Numerical Study by a New Monte Carlo Scheme --}},
journal = {Journal of the Physical Society of Japan},
year = {2006},
volume = {75},
number = {10},
pages = {103002},
month = sep
}

@article{Boninsegni:2006gc,
author = {Boninsegni, M and Prokofev, N V and Svistunov, B V},
title = {{Worm algorithm and diagrammatic Monte Carlo: A new approach to continuous-space path integral Monte Carlo simulations}},
journal = {Physical Review E},
year = {2006},
volume = {74},
number = {3},
pages = {036701},
month = sep
}

@phdthesis{Zhang:2006tk,
author = {Zhang, Chongshan},
title = {{Monte Carlo Studies of Confined Quantum Systems}},
year = {2006},
month = aug
}

@article{Stella:2006jo,
author = {Stella, Lorenzo and Santoro, Giuseppe and Tosatti, Erio},
title = {{Monte Carlo studies of quantum and classical annealing on a double well}},
journal = {Physical Review B},
year = {2006},
volume = {73},
number = {14},
pages = {144302},
month = apr
}

@article{Boninsegni:2006ed,
author = {Boninsegni, Massimo and Prokof'ev, Nikolay and Svistunov, Boris},
title = {{Worm Algorithm for Continuous-Space Path Integral Monte~Carlo Simulations}},
journal = {Phys. Rev. Lett.},
year = {2006},
volume = {96},
number = {7},
pages = {070601},
month = feb
}

@article{Nakayama:2006cg,
author = {Nakayama, Akira and Makri, Nancy},
title = {{Symmetrized correlation function for liquid para-hydrogen using complex-time pair-product propagators}},
journal = {The Journal of Chemical Physics},
year = {2006},
volume = {125},
number = {2},
pages = {024503}
}

@article{Shumway:2006wm,
author = {Shumway, J. and Ceperley, D M},
title = {{Quantum Monte Carlo methods in the study of nanostructures Handbook of Theoretical and Computational Nanotechnology vol 3, ed M Rieth and W Schommers}},
year = {2006}
}

@article{Cuervo:2006eb,
author = {Cuervo, Javier Eduardo and Roy, Pierre-Nicholas},
title = {{Path integral ground state study of finite-size systems: Application to small (parahydrogen)[sub N] (N=2{\textendash}20) clusters}},
journal = {The Journal of Chemical Physics},
year = {2006},
volume = {125},
number = {12},
pages = {124314}
}

@phdthesis{Stella:2005ub,
author = {Stella, Lorenzo},
title = {{Studies of Classical and Quantum Annealing}},
school = {Trieste},
year = {2005},
month = oct
}

@article{Bogojevic:2005gp,
author = {Bogojevi{\'c}, A and Bala{\v z}, A and Beli{\'c}, A},
title = {{Generalization of Euler's summation formula to path integrals}},
journal = {Physics Letters A},
year = {2005},
volume = {344},
number = {2-4},
pages = {84--90},
month = sep
}

@article{Lyubartsev:2005hn,
author = {Lyubartsev, Alexander P},
title = {{Simulation of excited states and the sign problem in the path integral Monte Carlo method}},
journal = {Journal of Physics A: Mathematical and General},
year = {2005},
volume = {38},
number = {30},
pages = {6659--6674},
month = jul
}

@phdthesis{Astrakharchik:2004vk,
author = {Astrakharchik, G E},
title = {{Quantum Monte Carlo Study of Ultracold Gases}},
school = {Universit{\`a}t degli Studi di Trento},
year = {2004},
month = dec
}

@article{Tyagi:2004ck,
author = {Tyagi, Sandeep and Goldschmidt, Yadin},
title = {{Flux melting in Bi2Sr2CaCu2O8+$\delta$: Incorporating both electromagnetic and Josephson couplings}},
journal = {Physical Review B},
year = {2004},
volume = {70},
number = {2},
month = jul
}

@article{Wolff:2004cu,
author = {Wolff, Ulli},
title = {{Monte Carlo errors with less errors}},
journal = {Computer Physics Communications},
year = {2004},
volume = {156},
number = {2},
pages = {143--153},
month = jan
}

@article{Hoffmann:2003ii,
author = {Hoffmann, J and Nielaba, P},
title = {{Phase transitions and quantum effects in pore condensates: A path integral Monte Carlo study}},
journal = {Physical Review E},
year = {2003},
volume = {67},
number = {3},
month = mar
}

@article{Draeger:2003kn,
author = {Draeger, E and Ceperley, D M},
title = {{Superfluidity in a Doped Helium Droplet}},
journal = {Phys. Rev. Lett.},
year = {2003},
volume = {90},
number = {6},
pages = {065301},
month = feb
}

@article{Nakayama:2003cn,
author = {Nakayama, Akira and Makri, Nancy},
title = {{Forward{\textendash}backward semiclassical dynamics for quantum fluids using pair propagators: Application to liquid para-hydrogen}},
journal = {The Journal of Chemical Physics},
year = {2003},
volume = {119},
number = {16},
pages = {8592}
}

@article{Filinov:782637,
author = {Filinov, A V and Bonitz, M and Lozovik, Yu E},
title = {{Excitonic clusters in coupled quantum dots}},
journal = {J. Phys. A},
year = {2003},
volume = {36},
number = {22},
pages = {5899--5904}
}

@phdthesis{BruallaBarbera:2002wt,
author = {Brualla Barber{\`a}, Lloren{\c c}},
title = {{Path integral Monte Carlo. Algorithms and applications to quantum fluids}},
school = {Universitat Polit{\`e}cnica de Catalunya},
year = {2002},
address = {Universitat Polit{\`e}cnica de Catalunya. Departament de F{\'\i}sica Aplicada},
month = nov
}

@phdthesis{Gabriel:2002uw,
author = {Gabriel, Christine},
title = {{Dynamical properties of the Worm Algorithm}},
school = {Technischen Universit{\"a}t Graz},
year = {2002},
month = aug
}

@article{Glaesemann:2002gh,
author = {Glaesemann, Kurt R and Fried, Laurence E},
title = {{Improved heat capacity estimator for path integral simulations}},
journal = {The Journal of Chemical Physics},
year = {2002},
volume = {117},
number = {7},
pages = {3020}
}

@article{Sen:2001eb,
author = {Sen, Prasenjit and Trivedi, Nandini and Ceperley, D M},
title = {{Simulation of Flux Lines with Columnar Pins: Bose Glass and Entangled Liquids}},
journal = {Phys. Rev. Lett.},
year = {2001},
volume = {86},
number = {18},
pages = {4092--4095},
month = apr
}

@article{Jang:2001cl,
author = {Jang, Seogjoo and Jang, Soonmin and Voth, Gregory A},
title = {{Applications of higher order composite factorization schemes in imaginary time path integral simulations}},
journal = {The Journal of Chemical Physics},
year = {2001},
volume = {115},
number = {17},
pages = {7832}
}

@article{Sese:2001df,
author = {Ses{\'e}, Luis M},
title = {{Path-integral Monte Carlo study of the structural and mechanical properties of quantum fcc and bcc hard-sphere solids}},
journal = {The Journal of Chemical Physics},
year = {2001},
volume = {114},
number = {4},
pages = {1732}
}

@article{Gordillo:2000kt,
author = {Gordillo, M. and Ceperley, D M},
title = {{Effect of Disorder on the Critical Temperature of a Dilute Hard-Sphere Gas}},
journal = {Phys. Rev. Lett.},
year = {2000},
volume = {85},
number = {22},
pages = {4735--4738},
month = nov
}

@article{Prokofev:2000ei,
author = {Prokof{\textquoteright}ev, Nikolai and Svistunov, Boris},
title = {{Two definitions of superfluid density}},
journal = {Physical Review B},
year = {2000},
volume = {61},
number = {17},
pages = {11282--11284},
month = may
}

@article{Bauer:2000ep,
author = {Bauer, Gregory and Ceperley, D M and Goldenfeld, Nigel},
title = {{Path-integral Monte Carlo simulation of helium at negative pressures}},
journal = {Physical Review B},
year = {2000},
volume = {61},
number = {13},
pages = {9055--9060},
month = apr
}

@article{Sarsa:2000jl,
author = {Sarsa, A and Schmidt, K E and Magro, W R},
title = {{A path integral ground state method}},
journal = {The Journal of Chemical Physics},
year = {2000},
volume = {113},
number = {4},
pages = {1366}
}

@phdthesis{Shumway:1999vo,
author = {Shumway, J.},
title = {{Quantum Monte Carlo Simulations of Electrons and Holes}},
year = {1999},
address = {University of Illinois at Urbana-Champaign},
month = aug
}

@article{Nordborg:1998gh,
author = {Nordborg, Henrik and Blatter, Gianni},
title = {{Numerical study of vortex matter using the Bose model: First-order melting and entanglement}},
journal = {Physical Review B},
year = {1998},
volume = {58},
number = {21},
pages = {14556--14571},
month = dec
}

@article{Chakravarty:1998ef,
author = {Chakravarty, C and Gordillo, M C and Ceperley, D M},
title = {{A comparison of the efficiency of Fourier- and discrete time-path integral Monte Carlo}},
journal = {The Journal of Chemical Physics},
year = {1998},
volume = {109},
number = {6},
pages = {2123--2134}
}

@article{Prokofev:1998ux,
author = {Prokof'ev, NV and {Svistunov, BV} and Tupitsyn, IS},
title = {{"Worm" algorithm in quantum Monte Carlo simulations}},
journal = {Physics Letters A},
year = {1998},
volume = {238},
pages = {253--257}
}

@article{Nordborg:1997hw,
author = {Nordborg, Henrik and Blatter, Gianni},
title = {{Vortices and 2D Bosons: A Path-Integral Monte Carlo Study}},
journal = {Phys. Rev. Lett.},
year = {1997},
volume = {79},
number = {10},
pages = {1925--1928},
month = sep
}

@article{Tauber:1997gb,
author = {T{\"a}uber, Uwe C. and Nelson, David R},
title = {{Superfluid bosons and flux liquids: disorder, thermal fluctuations, and finite-size effects}},
journal = {Physics Reports},
year = {1997},
volume = {289},
number = {3},
pages = {157--233},
month = jul
}

@article{Chin:1997cu,
author = {Chin, Siu A},
title = {{Symplectic integrators from composite operator factorizations}},
journal = {Physics Letters A},
year = {1997},
volume = {226},
number = {6},
pages = {344--348},
month = mar
}

@article{Muser:1997we,
author = {Muser, M H and Berne, B.J.},
title = {{Circumventing the pathological behavior of path-integral Monte Carlo for systems with Coulomb potentials}},
journal = {The Journal of Chemical Physics},
year = {1997},
volume = {107},
number = {2},
pages = {571--575},
month = jan
}

@article{Belousov:1997ws,
author = {Belousov, A.I. and Lozovik, Y.E.},
title = {{Quantum phase fluctuations in an array of mesoscopic Josephson junctions}},
journal = {Physics of the Solid State},
year = {1997}
}

@article{Marx:1996gk,
author = {Marx, Dominik and Parrinello, Michele},
title = {{Ab initio path integral molecular dynamics: Basic ideas}},
journal = {The Journal of Chemical Physics},
year = {1996},
volume = {104},
number = {11},
pages = {4077--4082}
}

@article{Ceperley:1995gr,
author = {Ceperley, D M},
title = {{Path integrals in the theory of condensed helium}},
journal = {Rev. Mod. Phys.},
year = {1995},
volume = {67},
number = {2},
pages = {279--355},
month = apr
}

@article{Cao:1994vx,
author = {Cao, J},
title = {{Winding-number effect in path-integral simulations}},
journal = {Physical Review E},
year = {1994},
volume = {49},
number = {1},
pages = {882--889}
}

@article{Bouanich:1992di,
author = {Bouanich, J P},
title = {{Site-site Lennard-Jones potential parameters for N2, O2, H2, CO and CO2}},
journal = {Annals of Physics},
year = {1992},
volume = {47},
number = {4},
pages = {243--250},
month = apr
}

@article{Cao:1992wc,
author = {Cao, J and Berne, B.J.},
title = {{A new quantum propagator for hard sphere and cavity systems}},
journal = {The Journal of Chemical Physics},
year = {1992},
volume = {97},
pages = {2382}
}

@article{Sindzingre:1989fo,
author = {Sindzingre, Philippe and Klein, Michael L and Ceperley, David M},
title = {{Path-integral Monte Carlo study of low-temperature ^{4}He clusters}},
journal = {Physical Review Letters},
year = {1989},
volume = {63},
number = {15},
pages = {1601--1604},
month = oct
}

@article{Li:1987gt,
author = {Li, Xiao-Ping and Broughton, Jeremy Q},
title = {{High-order correction to the Trotter expansion for use in computer simulation}},
journal = {The Journal of Chemical Physics},
year = {1987},
volume = {86},
number = {9},
pages = {5094--5100}
}

@article{Pollock:1987ta,
author = {Pollock, E.L. and Ceperley, D M},
title = {{Path-Integral Computation of Superfluid Densities}},
journal = {Physical Review B},
year = {1987},
volume = {36},
number = {16},
pages = {8343--8352}
}

@article{Ceperley:1986in,
author = {Ceperley, D M and Pollock, E},
title = {{Path-integral computation of the low-temperature properties of liquid ^{4}He}},
journal = {Phys. Rev. Lett.},
year = {1986},
volume = {56},
number = {4},
pages = {351--354},
month = jan
}

@article{Sprik:1985bz,
author = {Sprik, Michiel and Klein, Michael and Chandler, David},
title = {{Staging: A sampling technique for the Monte Carlo evaluation of path integrals}},
journal = {Physical Review B},
year = {1985},
volume = {31},
number = {7},
pages = {4234--4244},
month = apr
}

@article{Pollock:1984it,
author = {Pollock, E.L. and Ceperley, D M},
title = {{Simulation of quantum many-body systems by path-integral methods}},
journal = {Physical Review B},
year = {1984},
volume = {30},
pages = {2555--2568},
month = sep
}

@article{Takahashi:1984ik,
author = {Takahashi, Minoru and Imada, Masatoshi},
title = {{Finite Temperature Properties of 4He by the Quantum Monte Carlo Method - Journal of the Physical Society of Japan}},
journal = {Journal of the Physical Society of Japan},
year = {1984},
volume = {53},
number = {11},
pages = {3871--3877}
}

@article{Efron:1983vq,
author = {Efron, Bradley and Gong, Gail},
title = {{A Leisurely Look at the Bootstrap, the Jackknife, and Cross-Validation}},
journal = {The American Statistician},
year = {1983},
volume = {37},
number = {1},
pages = {36--48},
month = jan
}

@article{Aziz:1979hs,
author = {Aziz, R A and Nain, V P S and Carley, J S and Taylor, W L and McConville, G T},
title = {{An accurate intermolecular potential for helium}},
journal = {The Journal of Chemical Physics},
year = {1979},
volume = {70},
number = {9},
pages = {4330--4342}
}
